<record><leader>00000cas a22000007a 4500</leader><controlfield tag="001">2250220</controlfield><controlfield tag="008">760620d19431943mnuwr ne      0    0eng d</controlfield><datafield ind1=" " ind2=" " tag="010"><subfield code="a">sn 90060493 </subfield></datafield><datafield ind1=" " ind2=" " tag="040"><subfield code="a">MUL</subfield><subfield code="b">eng</subfield><subfield code="c">MUL</subfield><subfield code="d">MN#</subfield><subfield code="d">OCLCO</subfield></datafield><datafield ind1="1" ind2=" " tag="029"><subfield code="a">AU@</subfield><subfield code="b">000025908404</subfield></datafield><datafield ind1=" " ind2=" " tag="042"><subfield code="a">msc</subfield></datafield><datafield ind1=" " ind2=" " tag="043"><subfield code="a">n-us-mn</subfield></datafield><datafield ind1=" " ind2=" " tag="052"><subfield code="a">4144</subfield><subfield code="b">N8</subfield></datafield><datafield ind1=" " ind2=" " tag="052"><subfield code="a">4143</subfield><subfield code="b">R6</subfield></datafield><datafield ind1="0" ind2=" " tag="130"><subfield code="a">Air Scoop (Northfield, Minn.)</subfield></datafield><datafield ind1="0" ind2="0" tag="245"><subfield code="a">Air scoop.</subfield></datafield><datafield ind1=" " ind2=" " tag="260"><subfield code="a">Northfield, Minn., :</subfield><subfield code="b">USNFPS, St. Olaf College,</subfield><subfield code="c">1943.</subfield></datafield><datafield ind1=" " ind2=" " tag="300"><subfield code="a">1 v.</subfield></datafield><datafield ind1=" " ind2=" " tag="310"><subfield code="a">Weekly</subfield></datafield><datafield ind1="0" ind2=" " tag="362"><subfield code="a">Vol. 1, no. 1 (Apr. 2, 1943)-v. 1, no. 30 (Oct. 22, 1943).</subfield></datafield><datafield ind1=" " ind2=" " tag="530"><subfield code="a">Available on microfilm from the Minnesota Historical Society.</subfield></datafield><datafield ind1="1" ind2="0" tag="610"><subfield code="a">United States.</subfield><subfield code="b">Naval Flight Prepatory School (St. Olaf College)</subfield><subfield code="v">Periodicals.</subfield></datafield><datafield ind1="1" ind2="0" tag="610"><subfield code="a">United States.</subfield><subfield code="b">Navy</subfield><subfield code="x">Aviation</subfield><subfield code="v">Periodicals.</subfield></datafield><datafield ind1="1" ind2=" " tag="710"><subfield code="a">United States.</subfield><subfield code="b">Naval Flight Prepatory School (St. Olaf College)</subfield></datafield><datafield ind1="0" ind2="0" tag="785"><subfield code="t">Air Scoop (jg)</subfield><subfield code="w">(DLC)sn 90060494</subfield></datafield></record>